../common_resources/master_bachelor.bib