@article{baca2020mrs,
  author = {Tomas, Baca and Petrlik, Matej and Vrba, Matous and Spurny, Vojtech and Penicka, Robert and Hert, Daniel and Saska, Martin},
  eprint = {arXiv: 2008.08050},
  journal = {{submitted to JINT, after the 1st revision}},
  keywords = {mine, core},
  month = {8},
  title = {{The MRS UAV System: Pushing the Frontiers of Reproducible Research, Real-world Deployment, and Education with Autonomous Unmanned Aerial Vehicles}},
  type = {article},
  year = {2020},
}

@inproceedings{baca2016embedded,
  author = {Tomas, Baca and Loianno, Giuseppe and Saska, Martin},
  booktitle = {{IEEE International Conference on Methods and Models in Automation and Robotics (MMAR)}},
  keywords = {mine},
  organization = {IEEE},
  pages = {992--997},
  title = {{Embedded Model Predictive Control of Unmanned Micro Aerial Vehicles}},
  type = {inproceedings},
  year = {2016},
}

@article{benallegue2008high,
  author = {Benallegue, Abdelaziz and Mokhtari, Abdellah and Fridman, Leonid},
  journal = {International Journal of Robust and Nonlinear Control: IFAC-Affiliated Journal},
  number = {4-5},
  pages = {427--440},
  publisher = {Wiley Online Library},
  title = {{High-order sliding-mode observer for a quadrotor UAV}},
  type = {article},
  volume = {18},
  year = {2008},
}
