@article{ WOS:000898092500001,
  Author = {Manoni, Tiziano and Albani, Dario and Horyna, Jiri and Petracek, Pavel
            and Saska, Martin and Ferrante, Eliseo},
  Title = {{Adaptive arbitration of aerial swarm interactions through a Gaussian
           kernel for coherent group motion}},
  Journal = {{Frontiers in Robotics and AI}},
  Year = {2022},
  Volume = {9},
  Month = {DEC 1},
}

@article{ WOS:000886916700001,
  Author = {Guo, Kexin and Liu, Cai and Zhang, Xiao and Yu, Xiang and Zhang, Youmin
            and Xie, Lihua and Guo, Lei},
  Title = {{A Bio-Inspired Safety Control System for UAVs in Confined Environment
           With Disturbance}},
  Journal = {{IEEE Transactions on Cybernetics}},
  EarlyAccessDate = {NOV 2022},
}

@article{ WOS:000894811600001,
  Author = {Arias-Perez, Pedro and Fernandez-Conde, Jesus and Gomez, David Martin
            and Canas, Jose M. and Campoy, Pascual},
  Title = {{A Middleware Infrastructure for Programming Vision-Based Applications in
           UAVs}},
  Journal = {{Drones}},
  Year = {2022},
  Volume = {6},
  Number = {11},
  Month = {NOV},
}
