@article{baca2021mrs,
  addendum = {{\textbf{Contributions: TB: 60\%, MP: 10\%, VM: 6\%, VS: 6\%, RP: 6\%, DH: 6\%, MS: 6\%, IF 2.646 (Q2 in Robotics)}}},
  author = {\textbf{T. Baca} and Petrlik, Matej and Vrba, Matous and Spurny, Vojtech and Penicka, Robert and Hert, Daniel and Saska, Martin},
  issue = {1},
  journal = {{Journal of Intelligent {\&} Robotic Systems}},
  keywords = {mine, phd_related, journal, core},
  month = {05},
  number = {26},
  pages = {1--28},
  publisher = {Springer},
  title = {{The MRS UAV System: Pushing the Frontiers of Reproducible Research, Real-world Deployment, and Education with Autonomous Unmanned Aerial Vehicles}},
  type = {article},
  volume = {102},
  year = {2021},
}

@inproceedings{baca2016embedded,
  author = {\textbf{T. Baca} and Loianno, Giuseppe and Saska, Martin},
  booktitle = {{IEEE International Conference on Methods and Models in Automation and Robotics (MMAR)}},
  keywords = {mine, phd_related, conference},
  organization = {IEEE},
  pages = {992--997},
  title = {{Embedded Model Predictive Control of Unmanned Micro Aerial Vehicles}},
  type = {inproceedings},
  year = {2016},
  addendum = {{\textbf{80\% contribution, citations: 25 in WoS, 29 in Scopus, 88 in GS}}},
}

@article{benallegue2008high,
  author = {Benallegue, Abdelaziz and Mokhtari, Abdellah and Fridman, Leonid},
  journal = {International Journal of Robust and Nonlinear Control: IFAC-Affiliated Journal},
  number = {4-5},
  pages = {427--440},
  publisher = {Wiley Online Library},
  title = {{High-order sliding-mode observer for a quadrotor UAV}},
  type = {article},
  volume = {18},
  year = {2008},
}
